@article{culpepper2010efficient,
  title={Efficient set intersection for inverted indexing},
  author={Culpepper, J Shane and Moffat, Alistair},
  journal={ACM Transactions on Information Systems (TOIS)},
  volume={29},
  number={1},
  pages={1},
  year={2010},
  publisher={ACM}
}
@article{Hwang1971Optimal,
	title={Optimal merging of 2 elements with n  elements},
	author={Hwang, F. K. and Lin, S.},
	journal={Acta Informatica},
	volume={1},
	number={2},
	pages={145-158},
	year={1971},
}
@article{Hwang1972A,
	title={A Simple Algorithm for Merging Two Disjoint Linearly-Ordered Sets.},
	author={Hwang, Frank K. and Lin, Shen},
	journal={Siam Journal on Computing},
	volume={1},
	pages={31-39},
	year={1972},
}
@inproceedings{Sanders2007Intersection,
	title={Intersection in Integer Inverted Indices.},
	author={Sanders, Peter and Transier, Frederik},
	booktitle={The Workshop on Algorithm Engineering \& Experiments},
	year={2007},
}
@inproceedings{Baezayates2004A,
	title={A Fast Set Intersection Algorithm for Sorted Sequences},
	author={Baezayates, Ricardo},
	booktitle={Combinatorial Pattern Matching,  Symposium, Cpm 2004, Istanbul,turkey, July 5-7, 2004, Proceedings},
	pages={400-408},
	year={2004},
}
@inproceedings{Baezayates2005Experimental,
	title={Experimental Analysis of a Fast Intersection Algorithm for Sorted Sequences},
	author={Baezayates, Ricardo and Salinger, Alejandro},
	booktitle={String Processing and Information Retrieval,  International Conference, Spire 2005, Buenos Aires, Argentina, November 2-4, 2005, Proceedings},
	pages={13-24},
	year={2005},
}
@book{Baeza2010Fast,
	title={Fast Intersection Algorithms for Sorted Sequences},
	author={Baeza-Yates, Ricardo and Salinger, Alejandro},
	publisher={Springer Berlin Heidelberg},
	pages={45-61},
	year={2010},
}
@inproceedings{Culpepper2007Compact,
	title={Compact set representation for information retrieval},
	author={Culpepper, J. Shane and Moffat, Alistair},
	booktitle={International Conference on String Processing and Information Retrieval},
	pages={137-148},
	year={2007},
}
@inproceedings{Demaine2000Adaptive,
	title={Adaptive set intersections, unions, and differences},
	author={Demaine, Erik D. and Munro, J. Ian},
	booktitle={Eleventh Acm-Siam Symposium on Discrete Algorithms, January 9-11, 2000, San Francisco, Ca, Usa},
	pages={743-752},
	year={2000},
}
@inproceedings{Demaine2001Experiments,
	title={Experiments on Adaptive Set Intersections for Text Retrieval Systems},
	author={Demaine, Erik D and Pez-Ortiz, Alejandro and Munro, J. Ian},
	booktitle={Revised Papers from the Third International Workshop on Algorithm Engineering and Experimentation},
	pages={91-104},
	year={2001},
}
@inproceedings{Barbay2006Faster,
	title={Faster Adaptive Set Intersections for Text Searching},
	author={Barbay, Jérémy and Lópezortiz, Alejandro and Lu, Tyler},
	booktitle={International Conference on Experimental Algorithms},
	pages={146-157},
	year={2006},
}
@inproceedings{Wu2009A,
	title={A Batched GPU Algorithm for Set Intersection},
	author={Wu, Di and Zhang, Fan and Ao, Naiyong and Wang, Fang and Liu, Xiaoguang and Wang, Gang},
	booktitle={International Symposium on Pervasive Systems, Algorithms, and Networks},
	pages={752-756},
	year={2009},
}
@article{J2010An,
	title={An experimental investigation of set intersection algorithms for text searching},
	author={J&#233;r&#233;my Barbay and Lu, Tyler and Salinger, Alejandro},
	journal={Journal of Experimental Algorithmics},
	volume={14},
	year={2010},
}
@inproceedings{Arroyuelo2010Compressed,
	title={Compressed self-indices supporting conjunctive queries on document collections},
	author={Arroyuelo, Diego and Gonz and Lez, Sen and Oyarz and Mauricio, N.},
	booktitle={International Conference on String Processing and Information Retrieval},
	pages={43-54},
	year={2010},
}
@inproceedings{Wu2010Efficient,
	title={Efficient lists intersection by CPU-GPU cooperative computing},
	author={Wu, Di and Zhang, Fan and Ao, Naiyong and Wang, Gang},
	booktitle={IEEE International Symposium on Parallel and Distributed Processing, IPDPS 2010, Atlanta, Georgia, Usa, 19-23 April 2010 - Workshop Proceedings},
	pages={1-8},
	year={2010},
}
@article{Ao2011Efficient,
	title={Efficient Parallel Lists Intersection and Index Compression Algorithms using Graphics Processing Units.},
	author={Ao, Naiyong and Zhang, Fan and Wu, Di and Stones, Douglas S. and Wang, Gang and Liu, Xiaoguang and Liu, Jing and Lin, Sheng},
	journal={Proceedings of the Vldb Endowment},
	volume={4},
	number={8},
	pages={470-481},
	year={2011},
}
@article{Ding2011Fast,
	title={Fast set intersection in memory},
	author={Ding, Bolin and Nig, Arnd Christian},
	journal={Proceedings of the Vldb Endowment},
	volume={4},
	number={4},
	pages={255-266},
	year={2011},
}
@inproceedings{Takuma2013Faster,
	title={Faster upper bounding of intersection sizes},
	author={Takuma, Daisuke and Yanagisawa, Hiroki},
	booktitle={International ACM SIGIR Conference on Research and Development in Information Retrieval},
	pages={703-712},
	year={2013},
}
@article{chen2016efficient,
	title={An efficient method to evaluate intersections on big data sets},
	author={Chen, Yangjun and Shen, Weixin},
	journal={Theoretical Computer Science},
	volume={647},
	pages={1--21},
	year={2016},
	publisher={Elsevier}
}
@article{lemire2016simd,
	title={SIMD compression and the intersection of sorted integers},
	author={Lemire, Daniel and Boytsov, Leonid and Kurz, Nathan},
	journal={Software—Practice \& Experience},
	volume={46},
	number={6},
	pages={723--749},
	year={2016},
	publisher={John Wiley \& Sons, Inc.}
}
@inproceedings{Schlegel2010Fast,
	title={Fast integer compression using SIMD instructions},
	author={Schlegel, Benjamin and Gemulla, Rainer and Lehner, Wolfgang},
	booktitle={International Workshop on Data Management on New Hardware},
	pages={34-40},
	year={2010},
}
@article{Inoue2014Faster,
	title={Faster set intersection with SIMD instructions by reducing branch mispredictions},
	author={Inoue, Hiroshi and Ohara, Moriyoshi and Taura, Kenjiro},
	journal={Proceedings of the Vldb Endowment},
	volume={8},
	number={3},
	pages={293-304},
	year={2014},
}
@inproceedings{Barbay2002Adaptive,
	title={Adaptive intersection and t -threshold problems},
	author={Barbay, J and Kenyon, Claire},
	booktitle={Thirteenth Acm-Siam Symposium on Discrete Algorithms},
	pages={390-399},
	year={2002},
}
@inproceedings{Barbay2003Optimality,
	title={Optimality of Randomized Algorithms for the Intersection Problem},
	author={Barbay, Jérémy},
	booktitle={Stochastic Algorithms: Foundations and Applications, Second International Symposium, SAGA 2003, Hatfield, UK, September 22-23, 2003, Proceedings},
	pages={26-38},
	year={2003},
}
@article{Blelloch1998Fast,
	title={Fast set operations using treaps},
	author={Blelloch and Guy, E and ReidMiller and Margaret},
	journal={Proc Annual Acm Spaa},
	pages={16 - 26},
	year={1998},
}
@article{Moffat1996Self,
	title={Self-indexing inverted files for fast text retrieval},
	author={Moffat, Alistair and Zobel, Justin},
	journal={Acm Transactions on Information Systems},
	volume={14},
	number={4},
	pages={349-379},
	year={1996},
}
@inproceedings{Tatikonda2009On,
	title={On efficient posting list intersection with multicore processors},
	author={Tatikonda, Shirish and Junqueira, Flavio and Cambazoglu, B. Barla and Plachouras, Vassilis},
	booktitle={International ACM SIGIR Conference on Research and Development in Information Retrieval, SIGIR 2009, Boston, Ma, Usa, July},
	pages={738-739},
	year={2009},
}
@article{tsirogiannis2009improving,
	title={Improving the performance of list intersection},
	author={Tsirogiannis, Dimitris and Guha, Sudipto and Koudas, Nick},
	journal={Proceedings of the VLDB Endowment},
	volume={2},
	number={1},
	pages={838--849},
	year={2009},
	publisher={VLDB Endowment}
}