@article{zobel2006inverted,
	title={Inverted files for text search engines},
	author={Zobel, Justin and Moffat, Alistair},
	journal={ACM computing surveys (CSUR)},
	volume={38},
	number={2},
	pages={6},
	year={2006},
	publisher={ACM}
}
@book{manning2008introduction,
	title={Introduction to information retrieval},
	author={Manning, Christopher D and Raghavan, Prabhakar and Sch{\"u}tze, Hinrich and others},
	volume={1},
	year={2008},
	publisher={Cambridge university press Cambridge}
}
@book{witten1999managing,
	title={Managing gigabytes: compressing and indexing documents and images},
	author={Witten, Ian H and Moffat, Alistair and Bell, Timothy C},
	year={1999},
	publisher={Morgan Kaufmann}
}
@article{lemire2015decoding,
	title={Decoding billions of integers per second through vectorization},
	author={Lemire, Daniel and Boytsov, Leonid},
	journal={Software: Practice and Experience},
	volume={45},
	number={1},
	pages={1--29},
	year={2015},
	publisher={Wiley Online Library}
	
}
@incollection{catena2014inverted,
	title={On inverted index compression for search engine efficiency},
	author={Catena, Matteo and Macdonald, Craig and Ounis, Iadh},
	booktitle={Advances in Information Retrieval},
	pages={359--371},
	year={2014},
	publisher={Springer}
}
@inproceedings{stepanov2011simd,
	title={SIMD-based decoding of posting lists},
	author={Stepanov, Alexander A and Gangolli, Anil R and Rose, Daniel E and Ernst, Ryan J and Oberoi, Paramjit S},
	booktitle={Proceedings of the 20th ACM international conference on Information and knowledge management},
	pages={317--326},
	year={2011},
	organization={ACM}
}
@inproceedings{trotman2014compression,
	title={Compression, SIMD, and Postings Lists},
	author={Trotman, Andrew},
	booktitle={Proceedings of the 2014 Australasian Document Computing Symposium},
	pages={50},
	year={2014},
	organization={ACM}
}

@inproceedings{ottaviano2015optimal,
	title={Optimal Space-time Tradeoffs for Inverted Indexes},
	author={Ottaviano, Giuseppe and Tonellotto, Nicola and Venturini, Rossano},
	booktitle={Proceedings of the Eighth ACM International Conference on Web Search and Data Mining},
	pages={47--56},
	year={2015},
	organization={ACM}
}
@inproceedings{ottaviano2014partitioned,
	title={Partitioned Elias-Fano indexes},
	author={Ottaviano, Giuseppe and Venturini, Rossano},
	booktitle={Proceedings of the 37th international ACM SIGIR conference on Research \& development in information retrieval},
	pages={273--282},
	year={2014},
	organization={ACM}
}
@inproceedings{silvestri2010vsencoding,
	title={VSEncoding: efficient coding and fast decoding of integer lists via dynamic programming},
	author={Silvestri, Fabrizio and Venturini, Rossano},
	booktitle={Proceedings of the 19th ACM international conference on Information and knowledge management},
	pages={1219--1228},
	year={2010},
	organization={ACM}
}
@inproceedings{yan2009inverted,
	title={Inverted index compression and query processing with optimized document ordering},
	author={Yan, Hao and Ding, Shuai and Suel, Torsten},
	booktitle={Proceedings of the 18th international conference on World wide web},
	pages={401--410},
	year={2009},
	organization={ACM}
}
@article{anh2005inverted,
	title={Inverted index compression using word-aligned binary codes},
	author={Anh, Vo Ngoc and Moffat, Alistair},
	journal={Information Retrieval},
	volume={8},
	number={1},
	pages={151--166},
	year={2005},
	publisher={Springer}
}
@article{anh2010index,
	title={Index compression using 64-bit words},
	author={Anh, Vo Ngoc and Moffat, Alistair},
	journal={Software: Practice and Experience},
	volume={40},
	number={2},
	pages={131--147},
	year={2010},
	publisher={Wiley Online Library}
}
@inproceedings{zukowski2006super,
	title={Super-scalar RAM-CPU cache compression},
	author={Zukowski, Marcin and Heman, Sandor and Nes, Niels and Boncz, Peter},
	booktitle={Data Engineering, 2006. ICDE'06. Proceedings of the 22nd International Conference on},
	pages={59--59},
	year={2006},
	organization={IEEE}
}
@inproceedings{anh2004index,
	title={Index compression using fixed binary codewords},
	author={Anh, Vo Ngoc and Moffat, Alistair},
	booktitle={Proceedings of the 15th Australasian database conference-Volume 27},
	pages={61--67},
	year={2004},
	organization={Australian Computer Society, Inc.}
}
@techreport{delbru2010adaptive,
	title={Adaptive frame of reference for compressing inverted lists},
	author={Delbru, Renaud and Campinas, Stephane and Samp, Krystian and Tummarello, Giovanni},
	year={2010},
	institution={Technical report, DERI--Digital Enterprise Research Institute (December 2010)}
}
@article{ferragina2011optimally,
	title={On optimally partitioning a text to improve its compression},
	author={Ferragina, Paolo and Nitto, Igor and Venturini, Rossano},
	journal={Algorithmica},
	volume={61},
	number={1},
	pages={51--74},
	year={2011},
	publisher={Springer}
}
@inproceedings{ding2011faster,
	title={Faster top-k document retrieval using block-max indexes},
	author={Ding, Shuai and Suel, Torsten},
	booktitle={Proceedings of the 34th international ACM SIGIR conference on Research and development in Information Retrieval},
	pages={993--1002},
	year={2011},
	organization={ACM}
}
@inproceedings{navarro2010dual,
	title={Dual-sorted inverted lists},
	author={Navarro, Gonzalo and Puglisi, Simon J},
	booktitle={String Processing and Information Retrieval},
	pages={309--321},
	year={2010},
	organization={Springer}
}
@inproceedings{dimopoulos2013optimizing,
	title={Optimizing top-k document retrieval strategies for block-max indexes},
	author={Dimopoulos, Constantinos and Nepomnyachiy, Sergey and Suel, Torsten},
	booktitle={Proceedings of the sixth ACM international conference on Web search and data mining},
	pages={113--122},
	year={2013},
	organization={ACM}
}
@article{moffat2000binary,
	title={Binary interpolative coding for effective index compression},
	author={Moffat, Alistair and Stuiver, Lang},
	journal={Information Retrieval},
	volume={3},
	number={1},
	pages={25--47},
	year={2000},
	publisher={Springer}
}
@inproceedings{goldstein1998compressing,
	title={Compressing relations and indexes},
	author={Goldstein, Jonathan and Ramakrishnan, Raghu and Shaft, Uri},
	booktitle={Data Engineering, 1998. Proceedings., 14th International Conference on},
	pages={370--379},
	year={1998},
	organization={IEEE}
}
@inproceedings{vigna2013quasi,
	title={Quasi-succinct indices},
	author={Vigna, Sebastiano},
	booktitle={Proceedings of the sixth ACM international conference on Web search and data mining},
	pages={83--92},
	year={2013},
	organization={ACM}
}
@article{lemire2015simd,
	title={SIMD compression and the intersection of sorted integers},
	author={Lemire, Daniel and Boytsov, Leonid and Kurz, Nathan},
	journal={Software: Practice and Experience},
	year={2015},
	publisher={Wiley Online Library}
}
@misc{cormen2009introduction,
	title={Introduction to Algorithms. third},
	author={Cormen, Thomas H and Leiserson, Charles E and Rivest, Ronald L and Stein, Clifford},
	year={2009},
	publisher={The MIT Press}
}
@inproceedings{petri2014score,
	title={Score-safe term-dependency processing with hybrid indexes},
	author={Petri, Matthias and Moffat, Alistair and Culpepper, J Shane},
	booktitle={Proc. SIGIR},
	pages={899--902},
	year={2014}
}
@article{delbru2012searching,
	title={Searching web data: An entity retrieval and high-performance indexing model},
	author={Delbru, Renaud and Campinas, Stephane and Tummarello, Giovanni},
	journal={J. Web Sem},
	volume={10},
	pages={33--58},
	year={2012},
	publisher={Elsevier}
}
@article{elias1974efficient,
	title={Efficient storage and retrieval by content and address of static files},
	author={Elias, Peter},
	journal={Journal of the ACM (JACM)},
	volume={21},
	number={2},
	pages={246--260},
	year={1974},
	publisher={ACM}
}
@book{buttcher2010information,
	title={Information retrieval: Implementing and evaluating search engines},
	author={B{\"u}ttcher, Stefan and Clarke, Charles LA and Cormack, Gordon V},
	year={2010},
	publisher={Mit Press}
}
@inproceedings{anh2006structured,
	title={Structured index organizations for high-throughput text querying},
	author={Anh, Vo Ngoc and Moffat, Alistair},
	booktitle={String Processing and Information Retrieval},
	pages={304--315},
	year={2006},
	organization={Springer}
}
@inproceedings{farruggia2014bicriteria,
	title={Bicriteria data compression},
	author={Farruggia, Andrea and Ferragina, Paolo and Frangioni, Antonio and Venturini, Rossano},
	booktitle={Proceedings of the Twenty-Fifth Annual ACM-SIAM Symposium on Discrete Algorithms},
	pages={1582--1595},
	year={2014},
	organization={Society for Industrial and Applied Mathematics}
}
@inproceedings{mehlhorn2000resource,
	title={Resource constrained shortest paths},
	author={Mehlhorn, Kurt and Ziegelmann, Mark},
	booktitle={European Symposium on Algorithms},
	pages={326--337},
	year={2000},
	organization={Springer}
}
@article{handler1980dual,
	title={A dual algorithm for the constrained shortest path problem},
	author={Handler, Gabriel Y and Zang, Israel},
	journal={Networks},
	volume={10},
	number={4},
	pages={293--309},
	year={1980},
	publisher={Wiley Online Library}
}
@inproceedings{song2016optimizing,
	title={On Optimizing Partitioning Strategies for Faster Inverted Index Compression},
	author={Song, Xingshen and Jiang, Kun and Jiang, Yu and Yang, Yuexiang},
	booktitle={International Conference on Computational Science and Its Applications},
	pages={246--260},
	year={2016},
	organization={Springer International Publishing}
}
@book{lawler2001combinatorial,
	title={Combinatorial optimization: networks and matroids},
	author={Lawler, Eugene L},
	year={2001},
	publisher={Courier Corporation}
}
@inproceedings{pass2006picture,
	title={A picture of search.},
	author={Pass, Greg and Chowdhury, Abdur and Torgeson, Cayley},
	booktitle={InfoScale},
	volume={152},
	pages={1},
	year={2006}
}
@inproceedings{konow2013faster,
	title={Faster and smaller inverted indices with treaps},
	author={Konow, Roberto and Navarro, Gonzalo and Clarke, Charles LA and L{\'o}pez-Ort{\'\i}z, Alejandro},
	booktitle={Proceedings of the 36th international ACM SIGIR conference on Research and development in information retrieval},
	pages={193--202},
	year={2013},
	organization={ACM}
}
@article{anh2006improved,
	title={Improved word-aligned binary compression for text indexing},
	author={Anh, Vo Ngoc and Moffat, Alistair},
	journal={IEEE Transactions on Knowledge and Data Engineering},
	volume={18},
	number={6},
	pages={857--861},
	year={2006},
	publisher={IEEE Educational Activities Department}
}
@inproceedings{dean2009challenges,
	title={Challenges in building large-scale information retrieval systems: invited talk},
	author={Dean, Jeffrey},
	booktitle={Proceedings of the Second ACM International Conference on Web Search and Data Mining},
	pages={1--1},
	year={2009},
	organization={ACM}
}
@article{jiang2015highly,
	title={Highly Compressed Lists of Integers with Dense Padding Modes},
	author={Jiang, Kun and Song, Xingshen and Yang, Yuexiang},
	journal={Ieice Transactions on Information & Systems},
	volume={E98.D},
	number={11},
	pages={1986-1989},
	year={2015},
}
@inproceedings{lin2016toward,
	title={Toward reproducible baselines: The open-source ir reproducibility challenge},
	author={Lin, Jimmy and Crane, Matt and Trotman, Andrew and Callan, Jamie and Chattopadhyaya, Ishan and Foley, John and Ingersoll, Grant and Macdonald, Craig and Vigna, Sebastiano},
	booktitle={European Conference on Information Retrieval},
	pages={408--420},
	year={2016},
	organization={Springer}
}